@misc{HOEL,
Author = {Jing Long Hoelscher},
Title = {Galois extensions ramified only at one prime},
Year = {2007},
Eprint = {arXiv:0712.1653},
}
@inproceedings{JONE,
author = {Jones, John and Roberts, David},
year = {2008},
month = {05},
pages = {226-239},
title = {Number Fields Ramified at One Prime},
volume = {5011},
doi = {10.1007/978-3-540-79456-1_15}
}
@article{KIM2015,
author = "Kim, Kwang-Seob",
fjournal = "Osaka Journal of Mathematics",
journal = "Osaka J. Math.",
month = "10",
number = "4",
pages = "1039--1051",
publisher = "Osaka University and Osaka City University, Departments of Mathematics",
title = "Construction of unramified extensions with a prescribed Galois group",
url = "https://projecteuclid.org:443/euclid.ojm/1447856031",
volume = "52",
year = "2015"
}
@article{MAIR,
author = {Maire, Christian},
year = {2006},
month = {01},
pages = {},
title = {On infinite unramified extensions},
volume = {192},
journal = {Pacific Journal of Mathematics},
doi = {10.2140/pjm.2000.192.135}
}
@article{ODL1990,
     author = {Odlyzko, A. M.},
     title = {Bounds for discriminants and related estimates for class numbers, regulators and zeros of zeta functions : a survey of recent results},
     journal = {Journal de th\'eorie des nombres de Bordeaux},
     publisher = {Universit\'e Bordeaux I},
     volume = {2},
     number = {1},
     year = {1990},
     pages = {119-141},
     zbl = {0722.11054},
     mrnumber = {1061762},
     language = {en},
     url = {http://www.numdam.org/item/JTNB_1990__2_1_119_0}
}
@article{ODL1977,
author = "Odlyzko, A. M.",
doi = "10.2748/tmj/1178240652",
fjournal = "Tohoku Mathematical Journal",
journal = "Tohoku Math. J. (2)",
number = "2",
pages = "209--216",
publisher = "Tohoku University, Mathematical Institute",
title = "Lower bounds for discriminants of number fields, II",
url = "https://doi.org/10.2748/tmj/1178240652",
volume = "29",
year = "1977"
}
@misc{KIM2017,
Author = {Kwang-Seob Kim and Joachim König},
Title = {Some examples of quadratic fields with finite nonsolvable maximal unramified extensions II},
Year = {2017},
Eprint = {arXiv:1709.08453},
}
@article{YAMA1970,
author = "Yamamoto, Yoshihiko",
fjournal = "Osaka Journal of Mathematics",
journal = "Osaka J. Math.",
number = "1",
pages = "57--76",
publisher = "Osaka University and Osaka City University, Departments of Mathematics",
title = "On unramified Galois extensions of quadratic number fields",
url = "https://projecteuclid.org:443/euclid.ojm/1200692686",
volume = "7",
year = "1970"
}
@article{BRINK,
title = "Remark on infinite unramified extensions of number fields with class number one",
journal = "Journal of Number Theory",
volume = "130",
number = "2",
pages = "304 - 306",
year = "2010",
issn = "0022-314X",
doi = "https://doi.org/10.1016/j.jnt.2009.08.013",
url = "http://www.sciencedirect.com/science/article/pii/S0022314X09002480",
author = "David Brink",
keywords = "Non-solvable unramified extensions",
abstract = "We modify an idea of Maire to construct biquadratic number fields with small root discriminants, class number one, and having an infinite, necessarily non-solvable, strictly unramified Galois extension."
}
@article{diaz_198AD, title={Tables Minorant la Racine n-ieme du Discriminant dun Corps de Degre n.}, volume={41}, DOI={10.2307/2007717}, number={164}, journal={Publications Mathématiques d'Orsay}, author={Diaz, Francisco Diaz Y}, year={1980}, pages={773}}

@article{BRUC,
author = {Bruckner, Gottfried},
title = {Charakterisierung der galoisschen Zahlkörper, deren zerlegte Primzahlen durch binäre quadratische Formen gegeben sind},
journal = {Mathematische Nachrichten},
volume = {32},
number = {6},
pages = {317-326},
doi = {10.1002/mana.19660320604},
url = {https://onlinelibrary.wiley.com/doi/abs/10.1002/mana.19660320604},
eprint = {https://onlinelibrary.wiley.com/doi/pdf/10.1002/mana.19660320604},
year = {1966}
}
@article{KOND,
author = "KONDO, Takeshi",
doi = "10.2969/jmsj/04710031",
fjournal = "Journal of the Mathematical Society of Japan",
journal = "J. Math. Soc. Japan",
month = "01",
number = "1",
pages = "31--36",
publisher = "Mathematical Society of Japan",
title = "Algebraic number fields with the discriminant equal to that of a quadratic number field",
url = "https://doi.org/10.2969/jmsj/04710031",
volume = "47",
year = "1995"
}

@article{MART1978,
 ISSN = {09895558},
 URL = {http://www.jstor.org/stable/44165284},
 author = {Jacques MARTINET},
 journal = {Séminaire de Théorie des Nombres de Bordeaux},
 pages = {1--4},
 publisher = {Société Arithmétique de Bordeaux},
 title = {TOURS DE CORPS DE CLASSES ET ESTIMATIONS DE DISCRIMINANTS},
 year = {1976}
}
@article{WAER,
author = {Waerden, B.L. van der},
journal = {Mathematische Annalen},
keywords = {Algebra, number theory},
pages = {731-733},
title = {Die Zerlegungs- und Trägheitsgruppe als Permutationsgruppen.},
url = {http://eudml.org/doc/159803},
volume = {111},
year = {1935},
}
@article{YAMA1997,
author = "Yamamura, Ken",
doi = "10.3792/pjaa.73.67",
fjournal = "Proceedings of the Japan Academy, Series A, Mathematical Sciences",
journal = "Proc. Japan Acad. Ser. A Math. Sci.",
number = "4",
pages = "67--71",
publisher = "The Japan Academy",
title = "Maximal unramified extensions of imaginary quadratic number fields of small conductors",
url = "https://doi.org/10.3792/pjaa.73.67",
volume = "73",
year = "1997"
}
@article{KOND,
author = "KONDO, Takeshi",
doi = "10.2969/jmsj/04710031",
fjournal = "Journal of the Mathematical Society of Japan",
journal = "J. Math. Soc. Japan",
month = "01",
number = "1",
pages = "31--36",
publisher = "Mathematical Society of Japan",
title = "Algebraic number fields with the discriminant equal to that of a quadratic number field",
url = "https://doi.org/10.2969/jmsj/04710031",
volume = "47",
year = "1995"
}
@article{SERR,
author = {jean-pierre, Serre},
year = {2003},
month = {08},
pages = {},
title = {On a theorem of Jordan},
volume = {40},
journal = {BULLETIN (New Series) OF THE AMERICAN MATHEMATICAL SOCIETY},
doi = {10.1090/S0273-0979-03-00992-3}
}
@article{GOLO,
author = {"E.S. Golod, I.R. Shafarevich"},
title =  {"On the class field tower"},
journal = {"Izv. Akad. Nauk SSSR Ser. Mat."},
year = "1964",
volume = "28",
issue = {"2"},
pages = "261--272",
url = "\mathnet{http://mi.mathnet.ru/izv2955}"
}
@article{SCHO,
author = {Schoof, René},
journal = {Journal für die reine und angewandte Mathematik},
keywords = {p-groups; cohomology; quadratic number fields; infinite class field tower},
pages = {209-220},
title = {Infinite class field towers of quadratic fields.},
url = {http://eudml.org/doc/152884},
volume = {372},
year = {1986},
}
@article{KISH,
title = "A new family of imaginary quadratic fields whose class number is divisible by five",
journal = "Journal of Number Theory",
volume = "128",
number = "8",
pages = "2450 - 2458",
year = "2008",
issn = "0022-314X",
doi = "https://doi.org/10.1016/j.jnt.2008.02.016",
url = "http://www.sciencedirect.com/science/article/pii/S0022314X08000668",
author = "Yasuhiro Kishi",
abstract = "In this paper, we prove that the class number of the imaginary quadratic field Q(−F50s+25) (s⩾0) is divisible by 5, where Fn is the nth number in the Fibonacci sequence. Moreover we give a polynomial with integer coefficients whose splitting field over Q is an unramified cyclic quintic extension of Q(−F50s+25)."
}
@article{WONG,
title = "Maximal Unramified Extensions of Cyclic Cubic Fields",
year = "2011"
}
@article{YAMA1986,
author = "YAMAMURA, Ken",
doi = "10.2969/jmsj/03840599",
fjournal = "Journal of the Mathematical Society of Japan",
journal = "J. Math. Soc. Japan",
month = "10",
number = "4",
pages = "599--605",
publisher = "Mathematical Society of Japan",
title = "On infinite unramified Galois extensions of algebraic number fields with many primes decomposing almost completely",
url = "https://doi.org/10.2969/jmsj/03840599",
volume = "38",
year = "1986"
}
@notes{CAIS,
author = "Bryden R Cais",
url = "https://www.math.arizona.edu/~cais/Prelim/LocalFieldExt.pdf"
}


