@misc{HOEL,
Author = {Jing Long Hoelscher},
Title = {Galois extensions ramified only at one prime},
Year = {2007},
Eprint = {arXiv:0712.1653},
}
@inproceedings{JONE,
author = {Jones, John and Roberts, David},
year = {2008},
month = {05},
pages = {226-239},
title = {Number Fields Ramified at One Prime},
volume = {5011},
doi = {10.1007/978-3-540-79456-1_15}
}
@article{KIM2015,
author = "Kim, Kwang-Seob",
fjournal = "Osaka Journal of Mathematics",
journal = "Osaka J. Math.",
month = "10",
number = "4",
pages = "1039--1051",
publisher = "Osaka University and Osaka City University, Departments of Mathematics",
title = "Construction of unramified extensions with a prescribed Galois group",
url = "https://projecteuclid.org:443/euclid.ojm/1447856031",
volume = "52",
year = "2015"
}
@article{MAIR,
author = {Maire, Christian},
year = {2006},
month = {01},
pages = {},
title = {On infinite unramified extensions},
volume = {192},
journal = {Pacific Journal of Mathematics},
doi = {10.2140/pjm.2000.192.135}
}
@article{ODL1990,
     author = {Odlyzko, A. M.},
     title = {Bounds for discriminants and related estimates for class numbers, regulators and zeros of zeta functions : a survey of recent results},
     journal = {Journal de th\'eorie des nombres de Bordeaux},
     publisher = {Universit\'e Bordeaux I},
     volume = {2},
     number = {1},
     year = {1990},
     pages = {119-141},
     zbl = {0722.11054},
     mrnumber = {1061762},
     language = {en},
     url = {http://www.numdam.org/item/JTNB_1990__2_1_119_0}
}
@article{ODL1977,
author = "Odlyzko, A. M.",
doi = "10.2748/tmj/1178240652",
fjournal = "Tohoku Mathematical Journal",
journal = "Tohoku Math. J. (2)",
number = "2",
pages = "209--216",
publisher = "Tohoku University, Mathematical Institute",
title = "Lower bounds for discriminants of number fields, II",
url = "https://doi.org/10.2748/tmj/1178240652",
volume = "29",
year = "1977"
}
@misc{KIM2017,
Author = {Kwang-Seob Kim and Joachim König},
Title = {Some examples of quadratic fields with finite nonsolvable maximal unramified extensions II},
Year = {2017},
Eprint = {arXiv:1709.08453},
}
@article{YAMA1970,
author = "Yamamoto, Yoshihiko",
fjournal = "Osaka Journal of Mathematics",
journal = "Osaka J. Math.",
number = "1",
pages = "57--76",
publisher = "Osaka University and Osaka City University, Departments of Mathematics",
title = "On unramified Galois extensions of quadratic number fields",
url = "https://projecteuclid.org:443/euclid.ojm/1200692686",
volume = "7",
year = "1970"
}
@article{yamamura1986,
author = "Yamamura, Ken",
fjournal = "Osaka Journal of Mathematics",
journal = "Osaka J. Math.",
number = "2",
pages = "471--478",
publisher = "Osaka University and Osaka City University, Departments of Mathematics",
title = "On unramified Galois extensions of real quadratic number fields",
url = "https://projecteuclid.org:443/euclid.ojm/1200779338",
volume = "23",
year = "1986"
}

@article{BRINK,
title = "Remark on infinite unramified extensions of number fields with class number one",
journal = "Journal of Number Theory",
volume = "130",
number = "2",
pages = "304 - 306",
year = "2010",
issn = "0022-314X",
doi = "https://doi.org/10.1016/j.jnt.2009.08.013",
url = "http://www.sciencedirect.com/science/article/pii/S0022314X09002480",
author = "David Brink",
keywords = "Non-solvable unramified extensions",
abstract = "We modify an idea of Maire to construct biquadratic number fields with small root discriminants, class number one, and having an infinite, necessarily non-solvable, strictly unramified Galois extension."
}
@article{diaz_198AD, title={Tables Minorant la Racine n-ieme du Discriminant dun Corps de Degre n.}, volume={41}, DOI={10.2307/2007717}, number={164}, journal={Publications Mathématiques d'Orsay}, author={Diaz, Francisco Diaz Y}, year={1980}, pages={773}}

@article{BRUC,
author = {Bruckner, Gottfried},
title = {Charakterisierung der galoisschen Zahlkörper, deren zerlegte Primzahlen durch binäre quadratische Formen gegeben sind},
journal = {Mathematische Nachrichten},
volume = {32},
number = {6},
pages = {317-326},
doi = {10.1002/mana.19660320604},
url = {https://onlinelibrary.wiley.com/doi/abs/10.1002/mana.19660320604},
eprint = {https://onlinelibrary.wiley.com/doi/pdf/10.1002/mana.19660320604},
year = {1966}
}
@article{KOND,
author = "Kondo, Takeshi",
doi = "10.2969/jmsj/04710031",
fjournal = "Journal of the Mathematical Society of Japan",
journal = "J. Math. Soc. Japan",
month = "01",
number = "1",
pages = "31--36",
publisher = "Mathematical Society of Japan",
title = "Algebraic number fields with the discriminant equal to that of a quadratic number field",
url = "https://doi.org/10.2969/jmsj/04710031",
volume = "47",
year = "1995"
}

@article{MART1978,
 ISSN = {09895558},
 URL = {http://www.jstor.org/stable/44165284},
 author = {Jacques Martinet},
 journal = {Séminaire de Théorie des Nombres de Bordeaux},
 pages = {1--4},
 publisher = {Société Arithmétique de Bordeaux},
 title = {TOURS DE CORPS DE CLASSES ET ESTIMATIONS DE DISCRIMINANTS},
 year = {1976}
}
@article{WAER,
author = {Waerden, B.L. van der},
journal = {Mathematische Annalen},
keywords = {Algebra, number theory},
pages = {731-733},
title = {Die Zerlegungs- und Trägheitsgruppe als Permutationsgruppen.},
url = {http://eudml.org/doc/159803},
volume = {111},
year = {1935},
}
@article{YAMA1997,
author = "Yamamura, Ken",
doi = "10.3792/pjaa.73.67",
fjournal = "Proceedings of the Japan Academy, Series A, Mathematical Sciences",
journal = "Proc. Japan Acad. Ser. A Math. Sci.",
number = "4",
pages = "67--71",
publisher = "The Japan Academy",
title = "Maximal unramified extensions of imaginary quadratic number fields of small conductors",
url = "https://doi.org/10.3792/pjaa.73.67",
volume = "73",
year = "1997"
}
@article{KOND,
author = "KONDO, Takeshi",
doi = "10.2969/jmsj/04710031",
fjournal = "Journal of the Mathematical Society of Japan",
journal = "J. Math. Soc. Japan",
month = "01",
number = "1",
pages = "31--36",
publisher = "Mathematical Society of Japan",
title = "Algebraic number fields with the discriminant equal to that of a quadratic number field",
url = "https://doi.org/10.2969/jmsj/04710031",
volume = "47",
year = "1995"
}
@article{SERR,
author = {Jean-Pierre, Serre},
year = {2003},
month = {08},
pages = {},
title = {On a theorem of Jordan},
volume = {40},
journal = {Bulletin (New Series) of the American Mathematical Society},
doi = {10.1090/S0273-0979-03-00992-3}
}
@article{GOLO,
author = {"E.S. Golod, I.R. Shafarevich"},
title =  {"On the class field tower"},
journal = {"Izv. Akad. Nauk SSSR Ser. Mat."},
year = "1964",
volume = "28",
issue = {"2"},
pages = "261--272",
url = "\mathnet{http://mi.mathnet.ru/izv2955}"
}
@article{SCHO,
author = {Schoof, René},
journal = {Journal für die reine und angewandte Mathematik},
keywords = {p-groups; cohomology; quadratic number fields; infinite class field tower},
pages = {209-220},
title = {Infinite class field towers of quadratic fields.},
url = {http://eudml.org/doc/152884},
volume = {372},
year = {1986},
}
@article{KISH,
title = "A new family of imaginary quadratic fields whose class number is divisible by five",
journal = "Journal of Number Theory",
volume = "128",
number = "8",
pages = "2450 - 2458",
year = "2008",
issn = "0022-314X",
doi = "https://doi.org/10.1016/j.jnt.2008.02.016",
url = "http://www.sciencedirect.com/science/article/pii/S0022314X08000668",
author = "Yasuhiro Kishi",
abstract = "In this paper, we prove that the class number of the imaginary quadratic field Q(−F50s+25) (s⩾0) is divisible by 5, where Fn is the nth number in the Fibonacci sequence. Moreover we give a polynomial with integer coefficients whose splitting field over Q is an unramified cyclic quintic extension of Q(−F50s+25)."
}
@article{WONG,
author = "Ka Lun Wong",

title = "Maximal Unramified Extensions of Cyclic Cubic Fields",
year = "2011"
}
@inproceedings{Wong2015,
  title={The maximal unramified extensions of certain complex Abelian number fields},
  author={Siman Wong},
  year={2015}
}
@article{YAMA1986,
author = "Yamamura, Ken",
doi = "10.2969/jmsj/03840599",
fjournal = "Journal of the Mathematical Society of Japan",
journal = "J. Math. Soc. Japan",
month = "10",
number = "4",
pages = "599--605",
publisher = "Mathematical Society of Japan",
title = "On infinite unramified Galois extensions of algebraic number fields with many primes decomposing almost completely",
url = "https://doi.org/10.2969/jmsj/03840599",
volume = "38",
year = "1986"
}
@notes{CAIS,
author = "Bryden R Cais",
url = "https://www.math.arizona.edu/~cais/Prelim/LocalFieldExt.pdf"
}

@article{JONE2,
author = "Jones, John W. and Roberts, David P.",title="A database of number fields", volume="17", DOI="10.1112/S1461157014000424", number="1", journal="LMS Journal of Computation and Mathematics", publisher="London Mathematical Society",  year="2014", pages="595–618"}

@article{Yamamura2,
author = "Yamamura, Ken",
fjournal = "Osaka Journal of Mathematics",
journal = "Osaka J. Math.",
number = "2",
pages = "471--478",
publisher = "Osaka University and Osaka City University, Departments of Mathematics",
title = "On unramified Galois extensions of real quadratic number fields",
url = "https://projecteuclid.org:443/euclid.ojm/1200779338",
volume = "23",
year = "1986"
}
@inproceedings{uchida1983,
address = "Tokyo, Japan",
author = "Uchida, Kôji",
booktitle = "Galois Groups and their Representations",
doi = "10.2969/aspm/00210099",
pages = "99--102",
publisher = "Mathematical Society of Japan",
title = "Galois Groups of Unramified Solvable Extensions",
url = "https://doi.org/10.2969/aspm/00210099",
year = "1983"
}
@article{uchida1970,
author = "Uchida, Kôji",
doi = "10.2748/tmj/1178242868",
fjournal = "Tohoku Mathematical Journal",
journal = "Tohoku Math. J. (2)",
number = "1",
pages = "138--141",
publisher = "Tohoku University, Mathematical Institute",
title = "Unramified extensions of quadratic number fields, I",
url = "https://doi.org/10.2748/tmj/1178242868",
volume = "22",
year = "1970"
}
@article{uchida1970,
author = "Uchida, Kôji",
doi = "10.2748/tmj/1178242816",
fjournal = "Tohoku Mathematical Journal",
journal = "Tohoku Math. J. (2)",
number = "2",
pages = "220--224",
publisher = "Tohoku University, Mathematical Institute",
title = "Unramified extensions of quadratic number fields, II",
url = "https://doi.org/10.2748/tmj/1178242816",
volume = "22",
year = "1970"
}
@article{SELMER,
 ISSN = {00255521, 19031807},
 URL = {http://www.jstor.org/stable/24490297},
 abstract = {Through a study of certain generalized continued fractions, the author was led to the question of irreducibility of the trinomials f1(x) = xn – x – 1, f2(x) = xn + x + 1. These polynomials have extremely small discriminants, and a very regular distribution of zeros in the complex plane. By studying a certain symmetric function of these zeros, it is shown (Theorem 1) that f1(x) is irreducible for all n, while f2(x) is irreducible for n ≢ 2 (mod 3), but has a factor x2 + x + 1 for n ≡ 2 (mod 3); in the latter case, the second factor of f2(x) is irreducible. More generally, the trinomials F(x) = xn ± xm ± 1 (m < n) are considered, and certain limits are established for the number of irreducible factors and for the degree of each factor (Theorem 3). To examine the irreducibility of the polynomials F(x), a primality criterion of Pólya and Szegö is applied and extended. Some irreducibility criteria for polynomials of the type f(x2) and f(x3) are also introduced. In particular, f(x2) is irreducible if f(x) is an irreducible trinomial satisfying certain conditions (Theorem 4).},
 author = {Ernst S. Selmer},
 journal = {Mathematica Scandinavica},
 number = {2},
 pages = {287--302},
 publisher = {Mathematica Scandinavica},
 title = {THE IRREDUCIBILITY OF CERTAIN TRINOMIALS},
 volume = {4},
 year = {1957}
}

@article{YAMA2001,
     author = {Yamamura, Ken},
     title = {Maximal unramified extensions of imaginary quadratic number fields of small conductors, II},
     journal = {Journal de th\'eorie des nombres de Bordeaux},
     publisher = {Universit\'e Bordeaux I},
     volume = {13},
     number = {2},
     year = {2001},
     pages = {633-649},
     zbl = {1013.11076},
     mrnumber = {1879676},
     language = {en},
     url = {http://www.numdam.org/item/JTNB_2001__13_2_633_0}
}
@article{Yamamura1996,
title = "The Maximal Unramified Extensions of the Imaginary Quadratic Number Fields with Class Number Two",
journal = "Journal of Number Theory",
volume = "60",
number = "1",
pages = "42 - 50",
year = "1996",
issn = "0022-314X",
doi = "https://doi.org/10.1006/jnth.1996.0111",
url = "http://www.sciencedirect.com/science/article/pii/S0022314X96901110",
author = "Ken Yamamura",
abstract = "The maximal unramified extensions of the imaginary quadratic number fields with class number two are determined explicitly under the Generalized Riemann Hypothesis."
}
@misc{SMITH,
Author = {Gene Ward Smith},
Title = {Families of Unramified Extensions of Number Fields},
Year = {2012},
Eprint = {arXiv:1209.5300},
}
@MISC {CONRAD,
    TITLE = {Is there a ring of integers except for Z, such that every extension of it is ramified?},
    AUTHOR = {KConrad (https://mathoverflow.net/users/3272/kconrad)},
    HOWPUBLISHED = {MathOverflow},
    NOTE = {URL:https://mathoverflow.net/q/26504 (version: 2016-12-01)},
    EPRINT = {https://mathoverflow.net/q/26504},
    URL = {https://mathoverflow.net/q/26504}
}
@article{LESSENI,
     author = {Lesseni, Sylla},
     title = {Nonsolvable nonic number fields ramified only at one small prime},
     journal = {Journal de th\'eorie des nombres de Bordeaux},
     publisher = {Universit\'e Bordeaux 1},
     volume = {18},
     number = {3},
     year = {2006},
     pages = {617-625},
     doi = {10.5802/jtnb.562},
     mrnumber = {2330431},
     zbl = {pre05186995},
     language = {en},
     url = {http://www.numdam.org/item/JTNB_2006__18_3_617_0}
}


@book{MORENO,
  Author = {Carlos Julio Moreno},
  Title = {Advanced Analytic Number Theory: L-functions (AMS Mathematical Surveys and Monographs, Volume 115)},
  Publisher = {American Mathematical Society},
  Year = {2005},
  ISBN = {0821836412},
  URL = {https://www.amazon.com/Advanced-Analytic-Number-Theory-Mathematical/dp/0821836412?SubscriptionId=AKIAIOBINVZYXZQZ2U3A&tag=chimbori05-20&linkCode=xm2&camp=2025&creative=165953&creativeASIN=0821836412}
}

@book{KOCH,
  Author = {Helmut Koch},
  Title = {Number Theory: Algebraic Numbers and Functions (Graduate Studies in Mathematics)},
  Publisher = {American Mathematical Society},
  Year = {2000},
  ISBN = {0821820540},
  URL = {https://www.amazon.com/Number-Theory-Algebraic-Functions-Mathematics/dp/0821820540?SubscriptionId=AKIAIOBINVZYXZQZ2U3A&tag=chimbori05-20&linkCode=xm2&camp=2025&creative=165953&creativeASIN=0821820540}
}


@article{HUNTER, title={The minimum discriminants of quintic fields}, volume={3}, DOI={10.1017/S2040618500033463}, number={2}, journal={Proceedings of the Glasgow Mathematical Association}, publisher={Cambridge University Press}, author={Hunter, John}, year={1957}, pages={57–67}}

@book{NEUK,
  Author = {Jürgen Neukirch},
  Title = {Algebraic Number Theory (Grundlehren der mathematischen Wissenschaften) (v. 322)},
  Publisher = {Springer},
  Year = {1999},
  ISBN = {3540653996},
  URL = {https://www.amazon.com/Algebraic-Number-Grundlehren-mathematischen-Wissenschaften/dp/3540653996?SubscriptionId=AKIAIOBINVZYXZQZ2U3A&tag=chimbori05-20&linkCode=xm2&camp=2025&creative=165953&creativeASIN=3540653996}
}


